{1:F01DBSSSGSGAXXX0000000000}{2:I940 XXXXXXXXXXXN}{4:
:20:015-018272-5
:25:0150182725
:28C:00124/001
:60F:C190531SGD0,00
:61:2306090609CD64,57NTRFFIRST DATA MERCHANT SOLUTIONS PRIVA
142?235959
:86:TD?GIRO MISCELLANEOUS MISC C/A - SCB CARD STS PYT?ORDP?PAYPAL PTE LTD?OTH1?SUPP?OTH3?FIRST DATA MERCHANT SOLUTIONS PRIVA
:62F:C190531SGD3,00
:64:C190531SGD0,00
-}