{1:F01DBSSSGSGAXXX0000000000}{2:I940 XXXXXXXXXXXN}{4:
:20:015-018272-5
:25:0150182725
:28C:00124/001
:60F:C190531SGD0,00
:61:2304240424CD13,00NMSCNONREF//IMB1177404207700
201?182226
:86:TD?Inward PayNow?CREF?DICNP3022572781?ORDP?SENDER NAME1?OB?DBS BA
NK?BC?DBSSSGSGXXX?REMI?OTHR DICNP3022572781
:62F:C190531SGD3,00
:64:C190531SGD0,00
-}